@article{fuller2020fuzzy,
  title={When are fuzzy extractors possible?},
  author={Fuller, Benjamin and Reyzin, Leonid and Smith, Adam},
  journal={IEEE Transactions on Information Theory},
  volume={66},
  number={8},
  pages={5282--5298},
  year={2020},
  publisher={IEEE}
}